<collection xmlns="http://www.loc.gov/MARC21/slim">
<record>
  <leader>01025nam0a2200217 i 450 </leader>
  <controlfield tag="001">IT\ICCU\CNCE\071028</controlfield>
  <controlfield tag="005">20120504000000.0</controlfield>
  <datafield tag="012" ind1=" " ind2=" ">
    <subfield code="a">nqr. e-ta o.et Dimu (C) 1516 (A)</subfield>
    <subfield code="2">fei</subfield>
  </datafield>
  <datafield tag="100" ind1=" " ind2=" ">
    <subfield code="a">20070612d1516        0itac0103    ba</subfield>
  </datafield>
  <datafield tag="101" ind1=" " ind2=" ">
    <subfield code="a">LAT</subfield>
  </datafield>
  <datafield tag="102" ind1=" " ind2=" ">
    <subfield code="a">IT</subfield>
  </datafield>
  <datafield tag="200" ind1="1" ind2=" ">
    <subfield code="a">Informationes et cautele presbyteris observande divina celebrare volentibus circa defectus et casus qui in missa oriri possunt. Necnon impedimenta susceptionis ordinum</subfield>
  </datafield>
  <datafield tag="210" ind1=" " ind2=" ">
    <subfield code="e">Impressum Nuremberge</subfield>
    <subfield code="g">per Hieronymum Holtzel</subfield>
    <subfield code="h">1516 die 25 mensis maij</subfield>
  </datafield>
  <datafield tag="215" ind1=" " ind2=" ">
    <subfield code="a">\10! c.</subfield>
    <subfield code="d">4ʻ</subfield>
  </datafield>
  <datafield tag="300" ind1=" " ind2=" ">
    <subfield code="a">Stampato probabilmente a Collio da Gabriele Fracassini, cfr.: E. Sandal, Maffeo, Gabriele e Giacomo Fracassini stampatori in Collio 1502-1538, p. 97</subfield>
  </datafield>
  <datafield tag="620" ind1=" " ind2=" ">
    <subfield code="a">IT</subfield>
    <subfield code="d">Collio</subfield>
  </datafield>
  <datafield tag="712" ind1="0" ind2="0">
    <subfield code="a">Fracassini, Gabriele</subfield>
    <subfield code="3">IT\ICCU\CNCT\000689</subfield>
    <subfield code="4">650</subfield>
  </datafield>
  <datafield tag="712" ind1="0" ind2="0">
    <subfield code="a">Hl̲tzel, Hieronymus</subfield>
    <subfield code="3">IT\ICCU\CNCT\006227</subfield>
    <subfield code="4">650</subfield>
  </datafield>
  <datafield tag="791" ind1="0" ind2="0">
    <subfield code="a">Fracai̇nis, Gabriel de</subfield>
    <subfield code="3">IT\ICCU\CNCT\005687</subfield>
    <subfield code="z">Fracassini, Gabriele</subfield>
  </datafield>
  <datafield tag="801" ind1=" " ind2="3">
    <subfield code="a">IT</subfield>
    <subfield code="b">ICCU</subfield>
    <subfield code="c">20201115</subfield>
  </datafield>
  <datafield tag="899" ind1=" " ind2=" ">
    <subfield code="a">Biblioteca comunale. Trento</subfield>
    <subfield code="1">TN0121</subfield>
    <subfield code="2">ZTN 01</subfield>
  </datafield>
</record>
</collection>
